@report{cyclegan,
author = {Jeff Borland, and Peter Dawkins, and David Johnson, and Ross Williams},
title = {Returns to Investment in Higher Education},
institution = {University of Melbourne},
year = {2000},
}
